@article{pinche2023catmus,
  author    = {PINCHE, A. and others},
  title     = {{CATMus - Medieval: Consistent Approaches to Transcribing Manuscrits}},
  month     = {Décembre},
  year      = {2023},
  url       = {https://inria.hal.science/hal-04346939/document}
}

@article{clerice2023catmus,
  author    = {CLERICE, Th. and others},
  title     = {{CATMus Medieval, A multilingual large-scale cross-century dataset in Latin script for handwritten text recognition and beyond}},
  url       = {https://hal.parisnanterre.fr/hal-04453952v1}
}

@article{chague2022manumcfrench,
  author    = {CHAGUÉ, A. and others},
  title     = {{Manu McFrench, from zero to hero: impact of using a generic handwriting recognition model for smaller datasets}},
  year      = {2022},
  pages     = {1-7},
  url       = {https://inria.hal.science/hal-04094241/document}
}

@article{pincheimages2text,
  author    = {PINCHE, A.},
  title     = {{Des images au texte: comment apprendre à des ordinateurs à lire des manuscrits médiévaux?}},
  url       = {https://hal.science/hal-03585216/file/CommentApprendreAuxOrdi-2.pdf}
}

@online{noticebibliographique,
  title     = {Notice bibliographique},
  year      = {s. d.},
  url       = {https://catalogue.bnf.fr/ark:/12148/cb30925590q},
  urldate   = {2024-03-21}
}

@online{noticedetitreconventionnel,
  title     = {Notice de titre conventionnel},
  year      = {s. d.},
  url       = {http://ark.bnf.fr/ark:/12148/cb171503036},
  urldate   = {2024-03-21}
}

